%\bibliographystyle{apsrev}
%\bibliography{xenonelastic}

%\begin{thebibliography}
%\begin{Bibliography}
%\expandafter\ifx\csname natexlab\endcsname\relax\def\natexlab#1{#1}\fi
%\expandafter\ifx\csname bibnamefont\endcsname\relax
 %\def\bibnamefont#1{#1}\fi
%\expandafter\ifx\csname bibfnamefont\endcsname\relax
 % \def\bibfnamefont#1{#1}\fi
%\expandafter\ifx\csname citenamefont\endcsname\relax
%  \def\citenamefont#1{#1}\fi
%\expandafter\ifx\csname url\endcsname\relax
%  \def\url#1{\texttt{#1}}\fi
%\expandafter\ifx\csname urlprefix\endcsname\relax\def\urlprefix{URL }\fi
%\providecommand{\bibinfo}[2]{#2}
%\providecommand{\eprint}[2][]{\url{#2}}

%\vspace{-2pt}


%\bibitem[{\citenamefont{Sulkimo et~al.}(2003)}]{g4}
%\bibinfo{author}{\bibfnamefont{J.}~\bibnamefont{Sulkimo}} \bibnamefont{et~al.}
%(\bibinfo{collaboration}{GEANT4 Collaboration}), \bibinfo{journal}{Nucl. Instrum. Methods Phys. Res. Sect. A}
%\textbf{\bibinfo{volume}{ 506}}, \bibinfo{250}{330} (\bibinfo{year}{2003}).

@Article{g4,
author = "S.~Agostinelli et al. (GEANT4 Collaboration)",
collaboration = "GEANT4",
journal = "Nucl. Instrum. Methods Phys. Res. Sect. A",
volume = "506",
pages = "250--303",
year = "2003"
}

%\end{thebibliography}
%\end{Bibliography}