%\bibliographystyle{apsrev}
%\bibliography{xenonelastic}

%\begin{thebibliography}
%\begin{Bibliography}
%\expandafter\ifx\csname natexlab\endcsname\relax\def\natexlab#1{#1}\fi
%\expandafter\ifx\csname bibnamefont\endcsname\relax
 %\def\bibnamefont#1{#1}\fi
%\expandafter\ifx\csname bibfnamefont\endcsname\relax
 % \def\bibfnamefont#1{#1}\fi
%\expandafter\ifx\csname citenamefont\endcsname\relax
%  \def\citenamefont#1{#1}\fi
%\expandafter\ifx\csname url\endcsname\relax
%  \def\url#1{\texttt{#1}}\fi
%\expandafter\ifx\csname urlprefix\endcsname\relax\def\urlprefix{URL }\fi
%\providecommand{\bibinfo}[2]{#2}
%\providecommand{\eprint}[2][]{\url{#2}}

%\vspace{-2pt}


%\bibitem[{\citenamefont{Sulkimo et~al.}(2003)}]{g4}
%\bibinfo{author}{\bibfnamefont{J.}~\bibnamefont{Sulkimo}} \bibnamefont{et~al.}
%(\bibinfo{collaboration}{GEANT4 Collaboration}), \bibinfo{journal}{Nucl. Instrum. Methods Phys. Res. Sect. A}
%\textbf{\bibinfo{volume}{ 506}}, \bibinfo{250}{330} (\bibinfo{year}{2003}).

@Article{g4,
author = "S.~Agostinelli et al. (GEANT4 Collaboration)",
collaboration = "GEANT4",
journal = "Nucl. Instrum. Methods Phys. Res. Sect. A",
volume = "506",
pages = "250--303",
year = "2003"
}

@Misc{LogicalSkinSurface,
note = "http://geant4.in2p3.fr/2005/Workshop/ShortCourse/session4/P.Gumplinger.pdf",
key = "P.~Gumplinger"
}

@Article{ScreeningPaper,
author = "E.~Aprile et al. (XENON100 Collaboration)",
collaboration = "XENON100",
journal = "arXiv:1103.5831",
note = "Accepted in Astropart. Phys.",
year = "2011"
}

@Article{Gator,
author = "L.~Baudis et al.",
journal = "arXiv:1103.2125",
year = "2011",
note = "Submitted to JINST"
}

@Article{EMBG,
author = "E.~Aprile et al. (XENON100 Collaboration)",
collaboration = "XENON100",
journal = "Phys. Rev. D",
volume = "83",
number = "082001",
year = "2011"
}

@Manual{SourcesOriginal,
author = "W.B.~Wilson et al.",
title = "{SOURCES-4A}, {T}echnical {R}eport {LA}-13539-{MS}",
organisation = "Los Alamos",
year = "1999"
}

@Article{SourcesModified,
author = "M.~Carson et al.", 
journal = "Astropart. Phys.",
volume = "21",
pages = "667",
year = "2004"
}

@Misc{PMTmassModel,
note = "Hamamatsu Photonics, private communication",
key = "PMTmodel"
}

@Article{yamashita,
author = "M.~Yamashita et al.",
journal = "Nucl. Instrum. Methods Phys. Res. Sect. A",
volume = "535",
pages = "692",
year = "2004"
}

@Article{xe10-instrument,
author = "E.~Aprile et al. (XENON10 Collaboration)",
collaboration = "XENON10",
journal = "Astropart. Phys.",
volume = "34",
pages = "679--698",
year = "2011"
}

@Article{xe10-independent,
author = "J.~Angle et al. (XENON10 Collaboration)",
collaboration = "XENON10",
journal = "Phys. Rev. Lett.",
volume = "100",
number = "021303",
year = "2008"
}

@Article{xe10-dependent,
author = "J.~Angle et al. (XENON10 Collaboration)",
collaboration = "XENON10",
journal = "Phys. Rev. Lett.",
volume = "101",
number = "091301",
year = "2008"
}

@Article{xe100-run07,
author = "E.~Aprile et al. (XENON100 Collaboration)",
collaboration = "XENON100",
journal = "Phys. Rev. Lett.",
volume = "105",
number = "131302",
year = "2010"
}

@Article{xe100-run08,
author = "E.~Aprile et al. (XENON100 Collaboration)",
collaboration = "XENON100",
journal = "arXiv:1104.2549",
year = "2011",
note = "Submitted to Phys. Rev. Lett."
}

@Article{xe100-inelastic,
author = "E.~Aprile et al. (XENON100 Collaboration)",
collaboration = "XENON100",
journal = "arXiv:1104.3121",
year = "2011"
}

@Article{S2,
author = "R.A.~Muller et al.",
journal = "Phys. Rev. Lett.",
volume = "27",
pages = "532",
year = "1971"
}

@Article{LNGSfacility,
author = "C.~Arpesella et al.",
journal = "Appl. Radiat. Isot.",
volume = "47",
pages = "991",
year = "1996"
}

@Article{DoubleBetaLimitDAMA,
author = "R.~Bernabei et al. (DAMA Collaboration)",
collaboration = "DAMA",
journal = "Nucl. Phys. B Proc. Suppl.",
volume = "110",
pages = "88",
year = "2002"
}

@Article{CES_Kubota,
author = "S.~Kubota et al.",
journal = "Phys. Rev. B",
volume = "17",
pages = "2762",
year = "1978"
}

@Article{CES_Conti,
author = "E.~Conti",
journal = "Phys. Rev. B",
volume = "68",
number = "054201",
year = "2003"
}

@Article{CES_Doke,
author = "T.~Doke",
journal = "Nucl. Instrum. Methods Phys. Res. Sect. B",
volume = "234",
pages = "203",
year = "2005"
}

@Article{CES_Aprile,
author = "E.~Aprile et al.",
journal = "Phys. Rev. B",
volume = "76",
number = "014115",
year = "2007"
}

@Article{DistillationColumn,
author = "K.~Abe et al. (XMASS Collaboration)",
collaboration = "XMASS",
journal = "Astropart. Phys.",
volume = "31",
pages = "290",
year ="2009"
}


@Article{activia,
author = "J.J.~Back and Y.A.~Ramachers",
journal = "Nucl. Instrum. Methods Phys. Res. Sect. A",
volume = "586",
pages = "286",
year = "2008"
}

@Article{cosmo,
author = "J.~Martoff and P.D.~Lewin",
journal = "Comput. Phys. Commun.",
volume = "72",
pages = "96",
year = "1992"
}

@Article{talys,
author = "A.J.~Koning and S.~Hilaire and M.C.~Duijvestijn",
journal = "AIP Conf. Proc.",
volume = "769",
pages = "1154",
year = "2005"
}

@Article{SilberbergTsao_1,
author = "R.~Silberberg and C.H.~Tsao",
journal = "Astrophys. J. Suppl.",
volume = "220",
pages = "315",
year = "1973"
}

@Article{SilberbergTsao_2,
author = "R.~Silberberg and C.H.~Tsao",
journal = "Astrophys. J.",
volume = "501",
pages = "911",
year = "1998"
}

@Article{CosmogenicProduction_Mei,
author = "D.M.~Mei and Z.B.~Yin and S.R.~Elliott",
journal = "Astropart. Phys.",
volume = "31",
pages = "417",
year = "2006"
}

@Article{darwin,
author = "L.~Baudis (DARWIN Consortium)",
collaboration = "DARWIN",
journal = "PoS (IDM2010)",
volume = "122",
year = "2010"
}

@Article{TeflonReflection,
author = "C.~Silva et al.",
journal = "Nuclear Science Symposium Conference Record",
pages = "1253--1258",
year = "2008",
note = "IEEE"
}

@Article{PMTreflectance,
author = "E.~Shibamura et al.",
journal = "Nucl. Instrum. and Methods in Phys. Res. Sect. A",
volume = "567",
pages = "192--195",
year = "2006"
}

@Book{HamamatsuHandbook,
publisher = "Hamamatsu Photonics",
title = "Photomultiplier Tubes: Basics and Applications",
edition = "Third",
year = "2006"
}

@Misc{cirlex,
note = "http://www.cirlex.com",
key = "cirlex"
}

@Misc{316Ti,
note = "http://www.bssa.org.uk/topics.php?article=71",
key = "316Ti"
}


@Article{LXeRefractiveIndex,
author = "V.N.~Solotov et al.",
journal = "Nucl. Instrum. and Methods in Phys. Res. Sect. A",
volume = "516",
pages = "462",
year = "2004"
}

@Article{PTR,
author = "T.~Haruyama et al.",
journal = "Adv. Cryog. Eng.",
volume = "710",
pages = "1459",
year = "2004"
}

@Misc{KNFpump,
note = "http://www.knf.com/pdfs/n143-186dd.pdf",
key = "KNFpump"
}

@Misc{MonoTorr,
note = "http://www.puregasproducts.com/ps4.htm",
key = "MonoTorr"
}

@Misc{RG174cable,
note = "http://www.ctgcables.com/n\_RG174\_cable.htm",
key = "RG174cable"
}

@Misc{NipponSanso,
note = "http://www.tn-sanso.co.jp/en/",
key = "NipponSanso"
}

@Misc{NuclearData,
author = "S.Y.F.~Chu and L.P.~Ekstroem and R.B.~Firestone",
title = "The {L}und/{LBNL} {N}uclear {D}ata {S}earch",
note = "http://www.tn-sanso.co.jp/en/",
key = "NuclearData"
}

@Article{ExtractionField,
author = "E.~Aprile et al.",
journal = "IEEE Trans. Nucl. Sci.",
volume = "51",
pages = "1986",
year = "2004"
}

@Article{WIMPnucleusScattering1,
author = "G.~Jungman and M.~Kamionkowski and K.~Griest",
journal = "Phys. Rept.",
volume = "267",
pages = "195-373",
year = "1996"
}

@Article{WIMPnucleusScattering2,
author = "G.~Bertone and D.~Hooper and J.~Silk",
journal = "Phys. Rept.",
volume = "405",
pages = "279",
year = "2005"
}

@Article{SingletTriplet,
author = "A.~Hitachi et al.",
journal = "Phys. Rev. B",
volume = "27",
pages = "5279",
year = "1983"
}

@Article{SingletTriplet_dEdx,
author = "S.~Kubota and M.~Suzuki and J.Z.~Ruan",
journal = "Phys. Rev. B",
volume = "21",
pages = "2632",
year = "1980"
}

@Article{ScintillationProcesses1,
author = "R.E.~Shanu",
journal = "Nucl. Instr. Meth.",
volume = "14",
pages = "297",
year = "1961"
}

@Article{ScintillationProcesses2,
author = "T.~Doke",
journal = "Port. Phys.",
volume = "12",
pages = "9",
year = "1981"
}

@Article{ScintillationProcesses3,
author = "M.~Suzuki",
journal = "Port. Phys.",
volume = "12",
pages = "9",
year = "1981"
}

@Article{SlowFastComponents,
author = "C.J.~Martoff and P.F.~Smith",
journal = "Nucl. Phys. B Proc. Suppl.",
volume = "173",
pages = "148--151",
year = "2007"
}

@Article{XenonPSD,
author = "J.~Kwong et al.",
journal = "Nucl. Instr. Meth. Phys. Res. A ",
volume = "612",
number = "2",
pages = "328-333",
year = "2010"
}

@Misc{xe100-instrument,
author = "E.~Aprile et al. (XENON100 Collaboration)",
collaboration = "XENON100",
title = "The {XENON}100 {D}ark {M}atter {E}xperiment",
note = "Manuscript in preparation",
key = "xe100-instrument"
}

@Article{ElectronCloudDiffusion,
author = "T.~Doke",
journal = "Nucl. Instr. Meth.",
volume = "196",
pages = "87",
year = "1982"
}

@Book{PatternRecognition,
publisher = "Clarendon Press, Oxford",
author = "Ch.M.~Bishop",
title = "Neural Networks for Pattern Recognition",
year = "1995"
}

@Misc{SNNS,
title = "http://www.ra.cs.uni-tuebingen.de/{SNNS}/",
key = "SNNS"
}

@Article{DeltaRule,
author = "D.E.~Rumelhart and G.E.~Hinton and R.J.~Williams",
journal = "Nature",
volume = "323",
pages = "533--536",
year = "1986"
}

@Article{GeMPI,
author = "H.~Neder and G.~Heusser and M.~Laubenstein",
journal = "Appl. Rad. Isot.",
volume = "53",
pages = "191",
year = "2000"
}

@Article{inelasticDM1,
author = "D.~Smith and N.~Weiner",
journal = "Phys. Rev. D",
volume = "64",
number = "043502",
year = "2001"
}

@Article{inelasticDM2,
author = "S.~Chang and G.D.~Kribs and D.~Tucker-Smith and N.~Weiner",
journal = "Phys. Rev. D",
volume = "79",
number = "043513",
year = "2009"
}

@Article{SteelCosmogenics,
author = "M.~Laubenstein and G.~Heusser",
journal = "Appl. Radiat. Isot.",
volume = "67",
pages = "750",
year = "2009"
}

@Article{SteelGerda,
author = "W.~Maneschg et al.",
journal = "Nucl. Instr. Meth. Phys. Res. Sect. A",
volume = "593",
pages = "448--453",
year = "2008"
}

@Article{PRnormalization,
author = "S.~Cebrian (IDEA Collaboration)",
collaboration = "IDEA",
title = "Upgrades in computational codes for studying cosmogenic activation in double beta decay experiments",
year = "2006"
}

@Article{FieldQuenchingFactorsAprile,
author = "E.~Aprile et al.",
journal = "Phys. Rev. Lett.",
volume = "97",
number = "081302",
year = "2006"
}

@Article{LeffAprile2005,
author = "E.~Aprile et al.",
journal = "Phys. Rev. D",
volume = "72",
number = "072006",
year = "2005"
}

@Article{LeffAprile2009,
author = "E.~Aprile et al.",
journal = "Phys. Rev. C",
volume = "79",
number = "045807",
year = "2009"
}

@Article{LeffArneodo,
author = "F.~Arneodo et al.",
journal = "Nucl. Instr. Meth. Phys. Res. Sect. A",
volume = "449",
pages = "147",
year = "2000"
}

@Article{LeffManzur,
author = "A.~Manzur et al.",
journal = "Phys. Rev. C",
volume = "81",
number = "025808",
year = "2010"
}

@Article{LeffAkimov,
author = "D.~Akimov et al.",
journal = "Nucl. Instr. Meth. Phys. Res. Sect. A",
volume = "449",
pages = "147",
year = "2000"
}

@Article{LeffBernabei,
author = "R.~Bernabei et al.",
journal = "Eur. Phys. J. direct C",
volume = "11",
pages = "1",
year = "2001"
}

@Article{LeffChepel,
author = "V.~Chepel et al.",
journal = "Astropart. Phys.",
volume = "26",
pages = "58",
year = "2006"
}

@Article{LeffPlante,
author = "G.~Plante et al.",
journal = "arXiv:1104.2587",
year = "2010"
}

@Article{LeffZeplin,
author = "V.N.~Lebedenko et al. (ZEPLIN-III Collaboration)",
collaboration = "ZEPLIN-III",
journal = "Phys. Rev. D",
volume = "80",
number = "88",
year = "2009"
}

@Article{LeffZeplinHorn,
author = "M.~Horn et al. (ZEPLIN-III Collaboration)",
collaboration = "ZEPLIN-III",
journal = "arXiv:1106.0694",
year = "2011"
}

@Article{LeffSorensen,
author = "P.~Sorensen et al. (XENON10 Collaboration)",
collaboration = "XENON10",
journal = "Nucl. Instrum. Meth. Phys. Res. Sect. A",
volume = "601",
pages = "339--346",
year = "2009"
}

@Article{DoubleBetaLimit,
author = "R.~Bernabei et al. (DAMA Collaboration)",
collaboration = "DAMA",
journal = "Nucl. Phys. B Proc. Suppl.",
volume = "110",
pages = "88",
year = "2002"
}

@Article{XmassRadon,
author = "Y.~Takeuchi et al. (XMASS Collaboration)",
collaboration = "XMASS",
journal = "AIP Conference Proceedings",
volume = "785",
pages = "130--135",
year = "2005"
}

@Book{StatisticsCowan,
author = "G.~Cowan",
title = "Statistical Data Analysis",
publisher = "Clarendon Press, Oxford",
year = "1998"
}

@Article{AmBeSpectrum,
author = "J.W.~Marsh and D.J.~Thomas and M.~Burke",
journal = "Nucl. Instr. Meth. Pys. Res. Sect. A",
volume = "366",
pages = "340--348",
year = "1995"
}

@Article{NeutronActivationXe10,
author = "K.~Ni et al.",
journal = "Nucl. Instr. Meth. Pys. Res. Sect. A",
volume = "582",
issue = "2",
pages = "569--574",
year = "2007"
}

@Article{Yellin,
author = "S.~Yellin",
journal = "Phys. Rev. D",
volume = "66",
number = "032005",
year = "2002"
}

@Article{ProfileLikelihood,
author = "E.~Aprile et al. (XENON10 Collaboration)",
collaboration = "XENON100",
journal = "arXiv:1103.0303",
year = "2011"
}

@Article{KryptonMS,
author = "A.~Dobi et al.",
journal = "arXiv:1103.2714",
year = "2011"
}

@Article{KryptonATTA,
author = "D.N.~McKinsey and C.~Orzel",
journal = "Nucl. Instr. Meth. A",
volume = "545",
pages = "524--531",
year = "2005"
}

@Article{LewinSmith,
author = "J.D.~Lewin and P.F.~Smith",
journal = "Astropart. Phys.",
volume = "6",
pages = "87--112",
year = "1996"
}

@Article{Smith,
author = "M.C.~Smith et al.",
journal = "Mon. Not. R. Astron. Soc.",
volume = "379",
pages = "755",
year = "2007"
}

@Article{LHC,
author = "O.~Buchmueller et al.",
journal = "arXiv:1102.4585",
year = "2011"
}

@Article{DAMA_LightWIMP,
author = "C.~Savage et al.",
journal = "J. Cosm. Astropart. Phys.",
volume = "0904",
number = "010",
year = "2009"
}

@Article{CoGeNT_LightWIMP,
author = "C.E.~Aalseth et al. (CoGeNT Collaboration)",
collaboration = "CoGeNT",
journal = "Phys. Rev. Lett.",
volume = "106",
number = "131301",
year = "2011"
}

@Article{CoGeNT_modulation,
author = "C.E.~Aalseth et al. (CoGeNT Collaboration)",
collaboration = "CoGeNT",
journal = "arXiv:1106.0650",
year = "2011"
}

@Article{PTFEcontraction,
author = "R.K.~Kirby ",
journal = "Journal of Research of the National Bureau of Standards",
volume = "57",
issue = "2",
pages = "91--94",
year = "1957"
}

@Article{CopperContruction,
note = "http://www.engineeringtoolbox.com/linear-expansion-coefficients-d\_95.html",
key = "CopperContruction"
}

@Misc{TeresaInternal,
author = "T.~Marrod\'an Undagoitia",
note = "XENON100 internal note",
key = "TeresaInternal"
}

@Article{Kr83_Yale,
author = "L.W.~Kastens et al.",
journal = "Phys. Rev. C",
volume = "80",
number = "045809",
year = "2009"
}

@Article{Kr83_UZH,
author = "A.~Manalaysay et al.",
journal = "Rev. Sci. Instrum",
volume = "81",
number = "073303",
year = "2010"
}

@Manual{Perceptron,
author = "F.~Rosenblatt",
title = "The Perceptron - a perceiving and recognizing automaton. Report 85-460-1",
organisation = "Cornell Aeronautical Laboratory",
year = "1957"
}

@Misc{Yuan,
author = "Y.~Mei",
note = "XENON100 internal notes and private communication",
key = "Yuan"
}

@Misc{Marc,
author = "M.~Schumann",
note = "Private communication",
key = "Marc"
}

@Misc{Guillaume,
author = "G.~Plante",
note = "XENON100 internal note",
key = "Guillaume"
}

@Misc{NASA,
note = "NASA material",
key = "NASA"
}

@Misc{Antonio,
author = "A.J.~Melgarejo Fernandez",
note = "XENON100 internal notes and private communication",
key = "Antonio"
}

@Article{Kr85abundance_1,
author = "International Atomic Energy Agency",
title = "{I}sotopes of {N}oble {G}ases as {T}racers in {E}nvironmental {S}tudies",
journal = "IAEA, Vienna, Austria",
year = "1992"
}

@Article{Kr85abundance_2,
author = "C.Y.~Chen et al.",
journal = "Science",
volume = "286",
pages = "1139",
year = "1999"
}

@Article{NR_Zeplin,
author = "G.~Alner et al. (ZEPLIN-II Collaboration)",
collaboration = "ZEPLIN-II",
journal = "Astropart. Phys.",
volume = "28",
pages = "287--302",
year = "2007"
}

@Article{CDMS_limit,
author = "Z.~Ahmed et al. (CDMS Collaboration)",
collaboration = "CDMS",
journal = "Science",
volume = "327",
pages = "1619",
year = "2010"
}

@Article{EDELWEISS_limit,
author = "E.~Armengaud et al. (EDELWEISS Collaboration)",
collaboration = "EDELWEISS",
journal = "arXiv:1103.2070",
year = "2011"
}

@Article{FirstLimits_1,
author = "S.P.~Ahlen et al.",
journal = "Phys. Lett. B",
volume = "195",
pages = "603--608",
year = "1987"
}

@Article{FirstLimits_2,
author = "D.O.~Caldwell et al.",
journal = "Phys. Rev. Lett.",
volume = "61",
issue = "5",
pages = "510--513",
year = "1988"
}

@Article{FirstLimits_Cosmions,
author = "D.O.~Caldwell et al.",
journal = "Phys. Rev. Lett.",
volume = "65",
pages = "1305--1308",
year = "1990"
}

@Article{DiracNeutrino,
author = "M.~Beck et al.",
journal = "Phys. Lett. B",
volume = "226",
pages = "141",
year = "1994"
}

@Article{DAMA_1997,
author = "R.~Bernabei et al.",
journal = "Phys. Lett. B",
volume = "424",
pages = "195",
year = "1997"
}

@Article{BertoneHooper,
author = "G.~Bertone et al.",
journal = "Physics Reports",
volume = "405",
pages = "279--390",
year = "2005"
}

@Article{InelasticScattering_Goodman,
author = "M.W.~Goodman and E.~Witten",
journal = "Phys. Rev. D",
volume = "31",
number = "3059",
year = "1985"
}

@Article{InelasticScattering_Ellis,
author = "J.~Ellis and R.A.~Flores and J.D.~Lewin",
journal = "Phys. Lett. B",
volume = "212",
pages = "375",
year = "1988"
}

@Article{InelasticScattering_DAMA,
author = "P.~Belli et al.",
journal = "Phys. Lett. B",
volume = "387",
pages = "222--226",
year = "1996"
}

@Article{ModulationSignal,
author = "J.R.~Primack and D.~Seckel and B.~Sadoulet",
journal = "Ann. Rev. Nucl. Part. Sci.",
volume = "38",
pages = "751--807",
year = "1988"
}

@Article{RotationCurves_Zwicky1,
author = "F.~Zwicky",
journal = "Helv. Phys. Acta",
volume = "6",
pages = "110",
year = "1933"
}

@Article{RotationCurves_Zwicky2,
author = "F.~Zwicky",
journal = "Astrophys. J.",
volume = "86",
pages = "217",
year = "1936"
}

@Article{VirialMasses,
author = "M.~Girardi",
journal = "Astrophys. J.",
volume = "530",
pages = "62",
year = "2000"
}

@Article{RotationCurves_Rubin,
author = "V.C.~Rubin and W.K.~Ford",
journal = "Astrophys. J.",
volume = "159",
pages = "379",
year = "1970"
}

@Article{RotationCurves_Begeman,
author = "K.G.~Begeman and A.H~Broelis and R.H.~Sanders",
journal = "Mon. Not. Roy. Astron. Soc",
volume = "249",
pages = "523",
year = "1991"
}

@Article{GravitationalLensing_Review,
author = "J.~Wambsganss",
journal = "Living Rev. Rel.",
volume = "12",
year = "1998"
}

@Article{GravitationalLensing_Observation,
author = "J.A.~Tyson and G.P.~Kochanski and I.P.~Dell'Antonio",
journal = "Astrophys. J.",
volume = "498",
pages = "107--110",
year = "1998"
}

@Article{GravitationalLensing_XrayPlasma,
author = "M.~Fukugita and C.J.~Hogan and P.J.E.~Peebles",
journal = "Astrophys. J.",
volume = "503",
pages = "518",
year = "1998"
}

@Article{GravitationalLensing_BulletCluster,
author = "D.~Clowe et al.",
journal = "Astrophys. J.",
volume = "648",
pages = "109",
year = "2006"
}

@Article{GravitationalLensing_Abell,
author = "A.~Mahdavi et al.",
journal = "Astrophys. J.",
volume = "668",
pages = "806",
year = "2007"
}

@Article{GravitationalLensing_MACS1,
author = "M.~Bradac et al.",
journal = "Astrophys. J.",
volume = "687",
pages = "959",
year = "2008"
}

@Article{GravitationalLensing_MACS2,
author = "C.-J.~Ma and H.~Ebeling and E.~Barrett",
journal = "Astrophys. J. Lett.",
volume = "693",
pages = "56",
year = "2009"
}

@Article{WMAP_5year,
author = "J.~Dunkley et al. (WMAP Collaboration)",
journal = "Astrophys. J. Suppl.",
volume = "180",
pages = "306--329",
year = "2009"
}

@Article{WMAP_7year,
author = "E.~Komatsu et al. (WMAP Collaboration)",
journal = "Astrophys. J. Suppl.",
volume = "192",
pages = "18",
year = "2011"
}

@Article{SolarNeutrinoSpectra,
author = "J.N.~Bahcall and M.~Kamionkowski and A.~Sirlin",
journal = "Phys. Rev. D.",
volume = "51",
number = "11",
pages = "6146--6158",
year = "1995"
}

@Article{SolarNeutrinoFlux,
author = "J.N.~Bahcall and A.M.~Serenelli and S.~Basu",
journal = "Astrophys. J.",
volume = "621",
pages = "85",
year = "2005"
}

@Article{DM_neutrino,
author = "L.~Bergstrom",
journal = "Rep. Prog. Phys.",
volume = "63",
pages = "793",
year = "2000"
}

@Misc{G4_PhysicsList,
title = "http://geant4.web.cern.ch/geant4/support/proc\_mod\_catalog/physics\_lists/referencePL.shtml",
key = "G4_PhysicsList"
}

@Misc{QGSP,
title = "http://geant4.web.cern.ch/geant4/support/proc\_mod\_catalog/physics\_lists/hadronic/QGSP.html",
key = "QGSP"
}

@Misc{G4NDL,
title = "http://geant4.web.cern.ch/geant4/support/datafiles\_origin.shtml",
key = "G4NDL"
}

@Article{MuonInducedNeutronProduction_1,
author = "V.A.~Kudryavtsev and N.J.C.~Spooner and J.E.~McMillan",
journal = "Nucl. Instrum. Meth. Phys. Res. Sect. A",
volume = "505",
pages = "688",
year = "2003"
}

@Article{MuonInducedNeutronProduction_2,
author = "H.M.~Araujo and V.A.~Kudryavtsev and N.J.C.~Spooner and T.J.~Sumner",
journal = "Nucl. Instrum. Meth. Phys. Res. Sect. A",
volume = "545",
pages = "398",
year = "2005"
}

@Article{MuonIntensity_MACRO,
author = "M.~Ambrosio et al. (MACRO Collaboration)",
collaboration = "MACRO",
journal = "Phys. Rev. D",
volume = "52",
pages = "3793--3802",
year = "1995"
}

@Article{MuonIntensity_LVD,
author = "M.~Aglietta et al. (LVD Collaboration)",
collaboration = "LVD",
journal = "Phys. Rev. D",
volume = "58",
number = "092005",
year = "1998"
}

@Article{MUSIC,
author = "P.~Antonioli and G.~Ghetti and V.A.~Kudryavtsev and G.~Sartorelli",
journal = "Astropart. Phys.",
volume = "7",
pages = "357--368",
year = "1997"
}

@Article{MUSICandMUSUN,
author = "V.~Kudryavtsev",
journal = "Comp. Phys. Comm.",
volume = "180",
pages = "339",
year = "2009"
}

@Article{MuonRatio,
author = "P.~Adamson et al. (MINOS Collaboration)",
collaboration = "MINOS",
journal = "Phys. Rev. D",
volume = "76",
number = "052003",
year = "2007"
}

@Article{LNGSrock,
author = "P.G.~Catalano et al.",
journal = "Mem. Soc. Geol. It.",
volume = "35",
pages = "647",
year = "1986"
}

@Article{G4MuNuclInteraction,
author = "A.G.~Bogdanov et al.",
journal = "IEEE Trans. Nucl. Sc.",
volume = "53",
issue = "2",
pages = "513",
year = "2006"
}

@Article{MuonNeutronProd_NA55,
author = "M.G.~Marino et al.",
journal = "Nucl. Instr. Meth. Phys. Res. Sect. A",
volume = "582",
pages = "611--620",
year = "2007"
}

@Article{MuonNeutronProd_ZeplinAraujo,
author = "E.~Araujo  et al. (ZEPLIN-II Collaboration)",
collaboration = "ZEPLIN-II",
journal = "Astropart. Phys.",
volume = "29",
issue = "6",
pages = "471--481",
year = "2008"
}

@Article{MuonNeutronProd_Zeplin,
author = "A.~Lindote and H.M.~Araujo and V.A.~Kudryavtsev and M.~Robinson",
journal = "Astropart. Phys.",
volume = "31",
issue = "5",
pages = "366--375",
year = "2009"
}

@Article{MeiHime,
author = "D.-M.~Mei and A.~Hime",
journal = "Phys. Rev. D",
volume = "73",
number = "053004",
year = "2006"
}

@Article{DarkEnergy,
author = "R.~Durrer and R.~Maartens",
journal = "Gen. Rel. Gravit.",
volume = "40",
pages = "301--328",
year = "2008"
}

@Article{NeutrinoMass_SuperK,
author = "Y.~Fukuda et al. (Super-Kamiokande Collaboration)",
collaboration = "Super-Kamiokande",
journal = "Phys. Rev. Lett.",
volume = "8",
pages = "1562",
year = "1998"
}

@Article{NeutrinoMass_SNO,
author = "Q.R.~Ahmad et al. (SNO Collaboration)",
collaboration = "SNO",
journal = "Phys. Rev. Lett.",
volume = "89",
number = "011301",
year = "2002"
}

@Article{NeutrinoMass_Weinheimer,
author = "C.~Weinheimer",
journal = "{P}roc. of 10th {I}nt. {W}orkshop on {N}eutr. {T}el.",
notes = "arXiv:0306057",
year = "2003"
}

@Article{CPviolation,
author = "R.D.~Peccei and H.R.~Quinn",
journal = "Phys. Rev. Lett.",
volume = "38",
pages = "1440",
year = "1997"
}

@Article{AxionBounds,
author = "G.G.~Raffelt",
journal = "Lect. Notes Phys.",
volume = "741",
pages = "51--71",
year = "2008"
}

@Article{AxionsRosenberg,
author = "L.J.~Rosenberg and K.A.~van~Bibber",
journal = "Phys. Rept.",
volume = "325",
pages = "1--39",
year = "2000"
}

@Article{AxionSearches,
author = "R.~Battesti et al.",
journal = "Lect. Notes Phys.",
volume = "741",
pages = "199--237",
year = "2008"
}

@Article{LSP,
author = "J.R.~Ellis and J.S.~Hagelin and D.V.~Nanopoulos and K.A.~Olive and M.~Srednicki",
journal = "Nucl. Phys. B",
volume = "238",
pages = "453",
year = "1984"
}

@Article{MSSM,
author = "H.E.~Haber and G.L.~Kane",
journal = "Phys. Rep.",
volume = "117",
pages = "75",
year = "1985"
}

@Article{SUGRA,
author = "H.P.~Niles",
journal = "Phys. Rep.",
volume = "110",
pages = "1",
year = "1984"
}

@Article{Colliders_1,
author = "A.~Birkendal and K.~Matchev and M.~Perelstein",
journal = "Phys. Rev. D",
volume = "70",
number = "077701",
year = "2004"
}

@Article{Colliders_2,
author = "E.A.~Baltz and M.~Battaglia and M.E.~Peskin and T.Wizansky",
journal = "Phys. Rev. D",
volume = "74",
number = "103521",
year = "2006"
}

@Article{Colliders_3,
author = "J.~Goodman et al.",
journal = "Phys. Rev. D",
volume = "82",
number = "116010",
year = "2010"
}

@Article{GERDA,
author = "A.~Bettini et al. (GERDA Collaboration)",
collaboration = "GERDA",
journal = "Nucl. Phys. Proc. Suppl.",
volume = "168",
pages = "67--69",
year = "2007"
}

@Article{MAJORANA,
author = "C.E.~Aalseth et al. (MAJORANA Collaboration)",
collaboration = "MAJORANA",
journal = "Nucl. Phys. Proc. Suppl.",
volume = "124",
pages = "247--252",
year = "2003"
}

@Article{CRESST,
author = "G.~Angloher et al. (CRESST Collaboration)",
collaboration = "CRESST",
journal = "Astropart. Phys.",
volume = "31",
pages = "270--276",
year = "2009"
}

@Article{DoubleBetaGe76,
author = "F.T.~Avignone and S.R.~Elliott and J.~Engel",
journal = "Rev. Mod. Phys.",
volume = "80",
pages = "481--516",
year = "2008"
}

@Article{COUPP,
author = "E.~Behnke et al. (COUPP Collaboration)",
collaboration = "COUPP",
journal = "Phys. Rev. Lett.",
volume = "106",
number = "012303",
year = "2010"
}

@Article{DRIFT,
author = "S.~Burgos et al. (DRIFT-II Collaboration)",
collaboration = "DRIFT-II",
journal = "JINST",
volume = "4",
number = "04014",
year = "2009"
}

@Article{SIMPLE,
author = "T.A.~Girard et al. (SIMPLE Collaboration)",
collaboration = "SIMPLE",
journal = "Phys. Lett. B",
volume = "621",
pages = "233--238",
year = "2005"
}

@Article{PICASSO,
author = "U.~Wichoski et al. (PICASSO Collaboration)",
collaboration = "PICASSO",
journal = "Nucl. Phys. Proc. Suppl.",
volume = "173",
pages = "121--124",
year = "2007"
}

@Article{DAMA,
author = "R.~Bernabei et al. (DAMA Collaboration)",
collaboration = "DAMA",
journal = "Eur. Phys. J.",
volume = "56",
pages = "333--355",
year = "2008"
}

@Article{XMASS,
author = "A.~Minamino et al. (XMASS Collaboration)",
collaboration = "XMASS",
journal = "Nucl. Instr. Meth. Phys. Res. Sect. A",
volume = "623",
pages = "448--450",
year = "2010"
}

@Article{WARP,
author = "P.~Benetti et al. (WARP Collaboration)",
collaboration = "WARP",
journal = "Astropart. Phys.",
volume = "28",
issue = "6",
pages = "495--507",
year = "2008"
}

@Article{ZEPLIN,
author = "H.M.~Araujo et al. (ZEPLIN-III Collaboration)",
collaboration = "ZEPLIN-III",
journal = "Nucl. Instr. Meth. Phys. Res. Sect. A",
volume = "604",
pages = "41--44",
year = "2009"
}

@Article{ArDM,
author = "A.~Marchionni et al. (ArDM Collaboration)",
collaboration = "ArDM",
journal = "Proc. Int. Workshop GLA2010, Tsukuba, Japan",
volume = "604",
pages = "41--44",
year = "2010"
}

@Article{IndirectDetection_gamma,
author = "L.~Bergstrom and P.~Ullio and J.H.~Buckley",
journal = "Astropart. Phys.",
volume = "9",
pages = "137--162",
year = "1998"
}

@Article{IndirectDetection_SuperK,
author = "S.~Desai et al. (Super-Kamiokande Collaboration)",
collaboration = "Super-Kamiokande",
journal = "Phys. Rev. D",
volume = "70",
number = "083523",
year = "2004"
}

@Article{IndirectDetection_AMANDA,
author = "T.~DeYoung et al. (AMANDA Collaboration)",
collaboration = "AMANDA",
journal = "J. Phys. Conf. Ser.",
volume = "136",
number = "022046",
year = "2008"
}

@Article{IndirectDetection_IceCube,
author = "R.~Abbasi et al. (IceCube Collaboration)",
collaboration = "IceCube",
journal = "Phys. Rev. Lett.",
volume = "102",
number = "201302",
year = "2009"
}

@Article{IndirectDetection_HESS,
author = "A.~Abramowski et al. (HESS Collaboration)",
collaboration = "HESS",
journal = "Phys. Rev. Lett.",
volume = "106",
number = "161301",
year = "2007"
}

@Article{IndirectDetection_MAGIC,
author = "D.~Elsaesser et al. (MAGIC Collaboration)",
collaboration = "MAGIC",
journal = "New Astron. Rev.",
volume = "49",
pages = "297--301",
year = "2005"
}

@Article{IndirectDetection_CTA,
author = "G.~Hermann et al. (CTA Consortium)",
collaboration = "CTA",
journal = "Proc. 30th Int. Cosm, Ray Conf., UNAM, Mexico",
volume = "3",
pages = "1313--1316",
year = "2008"
}

@Article{IndirectDetection_Fermi,
author = "F.~Calore and V.~De~Romeri and F.~Donato",
notes = "	arXiv:1105.4230",
year = "2011"
}

@Article{IndirectDetection_EGRETexcess,
author = "S.D.~Hunter et al. (EGRET Collaboration)",
collaboration = "EGRET",
journal = "Astrophys. J.",
volume = "481",
pages = "205--240",
year = "1997"
}

@Article{IndirectDetection_EGRETinterpretation,
author = "W.~de~Boer and C.~Sander and V.~Zhukov and A.V.~Gladyshev and D.I.~Kazakov",
journal = "Phys. Lett. B",
volume = "636",
pages = "13--19",
year = "2006"
}

@Article{IndirectDetection_EGRETexplanation,
author = "F.W.~Stecker and S.D.~Hunter and D.A.~Kniffen",
journal = "Astropart. Phys.",
volume = "29",
pages = "25--29",
year = "2008"
}

@Article{IndirectDetection_PAMELA1,
author = "O.~Adriani et al. (PAMELA Collaboration)",
collaboration = "PAMELA",
journal = "Nature",
volume = "458",
pages = "607--609",
year = "2009"
}

@Article{IndirectDetection_PAMELA2,
author = "A.M.~Atoian and F.A.~Aharonian and H.J.~Volk",
journal = "Phys. Rev. D",
volume = "52",
issue = "6",
pages = "3265--3275",
year = "1995"
}

@Article{xe100-projection,
author = "E.~Aprile and L.~Baudis (XENON100 Collaboration)",
collaboration = "XENON100",
journal = "PoS IDM2008",
number = "018",
year = "2008"
}

@Book{McCabe,
author = "W.L.~McCabe and J.C.~Thiele",
title = "{U}nit {O}perations of {C}hemical {E}ngineering",
publisher = "McGraw-Hill",
edition = "Third",
year = "1976"
}

@Article{ROOT,
author = "R.~Brun and F.~Rademakers (ROOT Development Team)",
journal = "Nucl. Instr. Meth. Phys. Res. Sect. A",
volume = "389",
pages = "81--86",
year = "1997"
}

@Article{SPEfit1,
author = "L.C.~Alexa et al.",
journal = "Nucl. Instr. Meth. Phys. Res. Sect. A",
volume = "365",
pages = "299--307",
year = "1995"
}

@Article{SPEfit2,
author = "A.G.~Wright",
journal = "Nucl. Instr. Meth. Phys. Res. Sect. A",
volume = "579",
pages = "967--972",
year = "2007"
}

@Article{Trotta,
author = "R.~Trotta et al.",
journal = "J. High Energy Phys.",
volume = "12",
number = "024",
year = "2008"
}

@Article{EarthVelocitySpergel,
author = "D.N.~Spergel",
journal = "Phys. Rev. D",
volume = "37",
issue = "6",
pages = "1353--1355",
year = "1998"
}

@Article{Schwetz,
author = "T.~Schwetz and J.~Zupan",
journal = "arXiv:1106.6241",
year = "2011"
}

@Article{CESshutt,
author = "T.~Shutt and C.E.~Dahl and J.~Kwong and A.~Bolozdynya and P.~Brusov",
journal = "Nucl. Instr. Meth. Phys. Res. Sect. A",
volume = "579",
pages = "451--453",
year = "2007"
}

@Article{MuonSeasonalModulation,
author = "M.~Selvi et al. (LVD Collaboration)",
collaboration = "LVD",
journal = "Proceedings of the 31st ICRC",
pages = "1--4",
year = "2009"
}


%\end{thebibliography}
%\end{Bibliography}
